@inproceedings{Osera:2012:DI:2103776.2103779,
 author = {Osera, Peter-Michael and Sj\"{o}berg, Vilhelm and Zdancewic, Steve},
 title = {Dependent Interoperability},
 booktitle = {Proceedings of the Sixth Workshop on Programming Languages Meets Program Verification},
 series = {PLPV '12},
 year = {2012},
 isbn = {978-1-4503-1125-0},
 location = {Philadelphia, Pennsylvania, USA},
 pages = {3--14},
 numpages = {12},
 url = {http://doi.acm.org/10.1145/2103776.2103779},
 doi = {10.1145/2103776.2103779},
 acmid = {2103779},
 publisher = {ACM},
 address = {New York, NY, USA},
 keywords = {contracts, dependent types, language interoperability},
}
@article{fredriksson2011totaly,
  title={A totaly Epic backend for Agda},
  author={Fredriksson, Olle and Gustafsson, Daniel},
  year={2011},
  publisher={Chalmers University of Technology}
}
@incollection{Brady-store-indices2004,
year={2004},
isbn={978-3-540-22164-7},
booktitle={Types for Proofs and Programs},
volume={3085},
series={Lecture Notes in Computer Science},
editor={Berardi, Stefano and Coppo, Mario and Damiani, Ferruccio},
doi={10.1007/978-3-540-24849-1_8},
title={Inductive Families Need Not Store Their Indices},
url={http://dx.doi.org/10.1007/978-3-540-24849-1_8},
publisher={Springer Berlin Heidelberg},
author={Brady, Edwin and McBride, Conor and McKinna, James},
pages={115-129},
language={English}
}
@inproceedings{Brady:2011:ELG:2362963.2362968,
 author = {Brady, Edwin},
 title = {Epic--A Library for Generating Compilers},
 booktitle = {Proceedings of the 12th International Conference on Trends in Functional Programming},
 series = {TFP'11},
 year = {2012},
 isbn = {978-3-642-32036-1},
 location = {Madrid, Spain},
 pages = {33--48},
 numpages = {16},
 url = {http://dx.doi.org/10.1007/978-3-642-32037-8_3},
 doi = {10.1007/978-3-642-32037-8_3},
 acmid = {2362968},
 publisher = {Springer-Verlag},
 address = {Berlin, Heidelberg},
}
@inproceedings{benke2007alonzo,
  title={Alonzoâ€”a compiler for Agda},
  author={Benke, Marcin}
}
@incollection{Jeffrey:2013:agda-js,
year={2013},
isbn={978-3-642-45283-3},
booktitle={Practical Aspects of Declarative Languages},
volume={7752},
series={Lecture Notes in Computer Science},
editor={Sagonas, Kostis},
doi={10.1007/978-3-642-45284-0_16},
title={Dependently Typed Web Client Applications},
url={http://dx.doi.org/10.1007/978-3-642-45284-0_16},
publisher={Springer Berlin Heidelberg},
author={Jeffrey, Alan},
pages={228-243},
language={English}
}
@inproceedings{dijkstra2009architecture,
  title={The architecture of the Utrecht Haskell compiler},
  author={Dijkstra, Atze and Fokker, Jeroen and Swierstra, S Doaitse},
  booktitle={Proceedings of the 2nd ACM SIGPLAN symposium on Haskell},
  pages={93--104},
  year={2009},
  organization={ACM}
}

