@inproceedings{Osera:2012:DI:2103776.2103779,
 author = {Osera, Peter-Michael and Sj\"{o}berg, Vilhelm and Zdancewic, Steve},
 title = {Dependent Interoperability},
 booktitle = {Proceedings of the Sixth Workshop on Programming Languages Meets Program Verification},
 series = {PLPV '12},
 year = {2012},
 isbn = {978-1-4503-1125-0},
 location = {Philadelphia, Pennsylvania, USA},
 pages = {3--14},
 numpages = {12},
 url = {http://doi.acm.org/10.1145/2103776.2103779},
 doi = {10.1145/2103776.2103779},
 acmid = {2103779},
 publisher = {ACM},
 address = {New York, NY, USA},
 keywords = {contracts, dependent types, language interoperability},
} 
